<?xml version="1.0" encoding="UTF-8"?><collection xmlns="http://www.loc.gov/MARC21/slim"><record><leader>00471nam--2200133-i-4500</leader><controlfield tag="001">000003657</controlfield><controlfield tag="002">20161230</controlfield><controlfield tag="005">20161230201025</controlfield><controlfield tag="008">060222s1000------------r-----000-0-eng-d</controlfield><datafield ind1=" " ind2=" " tag="080"><subfield code="a">621.365:621.369</subfield></datafield><datafield ind1=" " ind2=" " tag="100"><subfield code="a">Adlam, T.N</subfield></datafield><datafield ind1=" " ind2=" " tag="245"><subfield code="a">Radiant heating. a practical treatise on ame- rican and european practices in the design and installation of systems for radiant ... 2-nd edition revised and enlarged</subfield></datafield><datafield ind1=" " ind2=" " tag="260"><subfield code="a">New York, The Industrial Press,, 1949 504 P</subfield></datafield><datafield ind1=" " ind2=" " tag="852"><subfield code="a">944</subfield></datafield></record></collection>